% This file was created with JabRef 2.7.1.
% Encoding: UTF8

@ARTICLE{dHalluin2005,
  author = {d'Halluin, Yann and Forsyth, Peter A and Labahn, George},
  title = {A semi-Lagrangian approach for American Asian options under jump
	diffusion},
  journal = {SIAM Journal on Scientific Computing},
  year = {2005},
  volume = {27},
  pages = {315--345},
  number = {1},
  file = {:/home/sudsin/Copy/MathMods/Sem4-UAQ-Thesis/Thesis/literature_repository/(2005) d'Halluin - A semi-Lagrangian approach for American Asian options under jump diffusion.pdf:PDF},
  publisher = {SIAM}
}

@BOOK{Oksendal2003stochastic,
  title = {Stochastic Differential Equations: An Introduction with Applications},
  publisher = {Springer},
  year = {2003},
  author = {{\O}ksendal, Bernt},
  series = {Hochschultext / Universitext},
  isbn = {9783540047582},
  lccn = {2007923169},
  url = {https://books.google.it/books?id=kXw9hB4EEpUC}
}

@ARTICLE{Akyildirim2014,
  author = {Aky{\i}ld{\i}r{\i}m, Erdin{\c{c}} and Soner, Halil Mete},
  title = {A brief history of mathematics in finance},
  journal = {Borsa Istanbul Review},
  year = {2014},
  volume = {14},
  pages = {57--63},
  number = {1},
  file = {:C\:\\Users\\sudip\\Copy\\MathMods\\Sem4-UAQ-Thesis\\literature_repository\\(2014) Akyıldırım - A brief history of mathematics in finance.pdf:PDF},
  publisher = {Elsevier},
  url = {http://www.sciencedirect.com/science/article/pii/S2214845014000039}
}

@ARTICLE{Appolloni2013,
  author = {Appolloni, Elisa and Caramellino, Lucia and Zanette, Antonino},
  title = {A robust tree method for pricing American options with CIR stochastic
	interest rate},
  journal = {arXiv preprint arXiv:1305.0479},
  year = {2013},
  file = {:/home/sudsin/Copy/MathMods/Sem4-UAQ-Thesis/Thesis/literature_repository/(2013) Appolloni - Robust tree method for pricing American options with the CIR interest rate model.pdf:PDF}
}

@ARTICLE{Appolloni2012,
  author = {Appolloni, Elisa and Gaudenzi, Marcellino and Zanette, Antonino},
  title = {An Efficient Binomial Lattice Method for Step Double Barrier Options},
  year = {2012},
  file = {:/home/sudsin/Copy/MathMods/Sem4-UAQ-Thesis/Thesis/literature_repository/(2012) Appolloni - An Efficient Binomial Lattice Method for Step Double Barrier Options.pdf:PDF}
}

@ARTICLE{Barraquand1996,
  author = {Barraquand, J{\'e}r{\^o}me and Pudet, Thierry},
  title = {Pricing of American path-dependent contingent claims},
  journal = {Mathematical Finance},
  year = {1996},
  volume = {6},
  pages = {17--51},
  number = {1},
  file = {:C\:\\Users\\sudip\\Copy\\MathMods\\Sem4-UAQ-Thesis\\literature_repository\\(1996) Barraquand - Pricing of American path-dependent contingent claims.pdf:PDF},
  publisher = {Wiley Online Library}
}

@ARTICLE{Black1973,
  author = {Black, Fischer and Scholes, Myron},
  title = {The pricing of options and corporate liabilities},
  journal = {The journal of political economy},
  year = {1973},
  pages = {637--654},
  file = {:C\:\\Users\\sudip\\Copy\\MathMods\\Sem4-UAQ-Thesis\\literature_repository\\(1973) Black - The Pricing of Options and Corporate Liabilities.pdf:PDF},
  publisher = {JSTOR}
}

@ARTICLE{Chalasani1999,
  author = {Chalasani, Prasad and Jha, Somesh and Egriboyun, Feyzullah and Varikooty,
	Ashok},
  title = {A refined binomial lattice for pricing American Asian options},
  journal = {Review of Derivatives Research},
  year = {1999},
  volume = {3},
  pages = {85--105},
  number = {1},
  file = {:/home/sudsin/Copy/MathMods/Sem4-UAQ-Thesis/Thesis/literature_repository/(1999) Chalasani - A Refined Binomial Lattice for Pricing American Asian Options.pdf:PDF},
  publisher = {Springer}
}

@ARTICLE{Cox1979,
  author = {Cox, John C and Ross, Stephen A and Rubinstein, Mark},
  title = {Option pricing: A simplified approach},
  journal = {Journal of financial Economics},
  year = {1979},
  volume = {7},
  pages = {229--263},
  number = {3},
  file = {:/home/sudsin/Copy/MathMods/Sem4-UAQ-Thesis/Thesis/literature_repository/(1979) Cox - Option Pricing - A Simplified Approach.pdf:PDF},
  publisher = {Elsevier}
}

@ARTICLE{Forsyth2002,
  author = {Forsyth, PA and Vetzal, KR and Zvan, R},
  title = {Convergence of numerical methods for valuing path-dependent options
	using interpolation},
  journal = {Review of Derivatives Research},
  year = {2002},
  volume = {5},
  pages = {273--314},
  number = {3},
  file = {:/home/sudsin/Copy/MathMods/Sem4-UAQ-Thesis/Thesis/literature_repository/(2002) Forsyth - Convergence Of Numerical Methods For Valuing Path-Dependent Options Using Interpolation.pdf:PDF},
  publisher = {Springer}
}

@ARTICLE{Foschi2011,
  author = {Foschi, Paolo and Pagliarani, Stefano and Pascucci, Andrea},
  title = {Black-Scholes formulae for Asian options in local volatility models},
  journal = {Available at SSRN 1898992},
  year = {2011},
  file = {:/home/sudsin/Copy/MathMods/Sem4-UAQ-Thesis/Thesis/literature_repository/(2011) Foschi - Black-Scholes Formulae for Asian Options in Local Volatility Models.pdf:PDF}
}

@ARTICLE{Fouque2003,
  author = {Fouque, Jean-Pierre and Han, Chuan-Hsiang},
  title = {Pricing Asian options with stochastic volatility},
  journal = {Quantitative Finance},
  year = {2003},
  volume = {3},
  pages = {353--362},
  number = {5},
  file = {:/home/sudsin/Copy/MathMods/Sem4-UAQ-Thesis/Thesis/literature_repository/(2003) Fouque - Pricing Asian Options with Stochastic Volatility.pdf:PDF},
  publisher = {Taylor \& Francis}
}

@ARTICLE{Gaudenzi2011,
  author = {Gaudenzi, Marcellino and Zanette, Antonino},
  title = {Pricing cliquet options by tree methods},
  journal = {Computational Management Science},
  year = {2011},
  volume = {8},
  pages = {125--135},
  number = {1-2},
  file = {:/home/sudsin/Copy/MathMods/Sem4-UAQ-Thesis/Thesis/literature_repository/(2011) Gaudenzi - Pricing cliquet options by tree methods.pdf:PDF},
  publisher = {Springer}
}

@ARTICLE{Gaudenzi2009,
  author = {Gaudenzi, Marcellino and Zanette, Antonino},
  title = {Pricing American barrier options with discrete dividends by binomial
	trees},
  journal = {Decisions in Economics and Finance},
  year = {2009},
  volume = {32},
  pages = {129--148},
  number = {2},
  file = {:/home/sudsin/Copy/MathMods/Sem4-UAQ-Thesis/Thesis/literature_repository/(2009) Gaudenzi - Pricing American Barrier options with discrete dividend by binomial tree.pdf:PDF},
  publisher = {Springer}
}

@ARTICLE{Gaudenzi2010,
  author = {Gaudenzi, Marcellino and Zanette, Antonino and Antonietta Lepellere,
	Maria},
  title = {The singular points binomial method for pricing American path-dependent
	options},
  journal = {Journal of Computational Finance},
  year = {2010},
  volume = {14},
  pages = {29},
  number = {1},
  file = {:/home/sudsin/Copy/MathMods/Sem4-UAQ-Thesis/Thesis/literature_repository/(2010) Gaudenzi - The singular points binomial method for pricing American path-dependent options.pdf:PDF}
}

@BOOK{He1989,
  title = {Convergence from discrete to continuous time financial models},
  publisher = {Institute of Business and Economic Research, University of California
	at Berkeley},
  year = {1989},
  author = {He, Hua},
  file = {:C\:\\Users\\sudip\\Copy\\MathMods\\Sem4-UAQ-Thesis\\literature_repository\\(1989) He - Convergence from discrete to continuous time financial models.pdf:PDF}
}

@ARTICLE{Henderson2002,
  author = {Henderson, Vicky and Wojakowski, Rafa{\l}},
  title = {On the equivalence of floating and fixed-strike Asian options},
  journal = {Journal of Applied Probability},
  year = {2002},
  pages = {391--394},
  file = {:/home/sudsin/Copy/MathMods/Sem4-UAQ-Thesis/Thesis/literature_repository/(2002) Henderson - Equivalence of Floating and Fixed Strike Asian Options.pdf:PDF},
  publisher = {JSTOR}
}

@ARTICLE{Hull1993,
  author = {J. C. Hull and A. White},
  title = {Efficient Procedures for Valuing European and {A}merican Path-Dependent
	Options},
  journal = {Journal of Derivatives},
  year = {1993},
  volume = {1},
  pages = {21--31},
  number = {Fall}
}

@ARTICLE{Jiang2004,
  author = {Jiang, Lishang and Dai, Min},
  title = {Convergence of binomial tree methods for European/American path-dependent
	options},
  journal = {SIAM Journal on Numerical Analysis},
  year = {2004},
  volume = {42},
  pages = {1094--1109},
  number = {3},
  file = {:C\:\\Users\\sudip\\Copy\\MathMods\\Sem4-UAQ-Thesis\\literature_repository\\(2004) Jiang - Convergence of Binomial Tree Method for European American Path-dependent Options.pdf:PDF},
  publisher = {SIAM}
}

@ARTICLE{Jourdain2008,
  author = {Jourdain, Benjamin and Zanette, Antonino},
  title = {A moments and strike matching binomial algorithm for pricing American
	Put options},
  journal = {Decisions in Economics and Finance},
  year = {2008},
  volume = {31},
  pages = {33--49},
  number = {1},
  file = {:/home/sudsin/Copy/MathMods/Sem4-UAQ-Thesis/Thesis/literature_repository/(2008) Jourdain - A Moments and Strike Matching Binomial Algorithm for Pricing American Put Options.pdf:PDF},
  publisher = {Springer}
}

@ARTICLE{Kjaer2004,
  author = {Kjaer, Mats},
  title = {On the pricing of cliquet options with global floor and cap},
  year = {2004},
  file = {:C\:\\Users\\sudip\\Copy\\MathMods\\Sem4-UAQ-Thesis\\literature_repository\\(2004) Mats Kjaer - On the Pricing of Cliquet Options.pdf:PDF},
  publisher = {Chalmers University of Technology}
}

@ARTICLE{Kumar2011,
  author = {Kumar, Abhishek and Waikos, Ashwin and Chakrabarty, Siddhartha P},
  title = {Pricing of average strike Asian call option using numerical PDE methods},
  journal = {arXiv preprint arXiv:1106.1999},
  year = {2011},
  file = {:/home/sudsin/Copy/MathMods/Sem4-UAQ-Thesis/Thesis/literature_repository/(2001) Kumar - Pricing of average strike Asian call option using numerical PDE methods.pdf:PDF}
}

@ARTICLE{Kumar2011a,
  author = {Kumar, Abhishek and Waikos, Ashwin and Chakrabarty, Siddhartha P},
  title = {Pricing of average strike Asian call option using numerical PDE methods},
  journal = {arXiv preprint arXiv:1106.1999},
  year = {2011},
  file = {:C\:\\Users\\sudip\\Copy\\MathMods\\Sem4-UAQ-Thesis\\literature_repository\\(2011) Kumar - Pricing of average strike Asian call option using numerical PDE methods.pdf:PDF}
}

@BOOK{kushner1984approximation,
  title = {Approximation and weak convergence methods for random processes,
	with applications to stochastic systems theory},
  publisher = {MIT press},
  year = {1984},
  author = {Kushner, Harold Joseph},
  volume = {6}
}

@BOOK{Kushner:1992:NMS:151172,
  title = {Numerical Methods for Stochastic Control Problems in Continuous Time},
  publisher = {Springer-Verlag},
  year = {1992},
  author = {Kushner, Harold J. and Dupuis, Paul G.},
  address = {London, UK, UK},
  isbn = {0-387-97834-8}
}

@BOOK{Lamberton1996,
  title = {Introduction to Stochastic Calculus Applied to Finance},
  publisher = {Chapman and Hall},
  year = {1996},
  author = {D. Lamberton and B. Lapeyre},
  address = {London}
}

@ARTICLE{Merton1974,
  author = {Merton, Robert C},
  title = {On the pricing of corporate debt: The risk structure of interest
	rates*},
  journal = {The Journal of Finance},
  year = {1974},
  volume = {29},
  pages = {449--470},
  number = {2},
  file = {:/home/sudsin/Copy/MathMods/Sem4-UAQ-Thesis/Thesis/literature_repository/(1974) Merton - On the pricing of corporate debt - The risk structure of interest rates.pdf:PDF},
  publisher = {Wiley Online Library}
}

@ARTICLE{SenGupta2014,
  author = {SenGupta, Indranil},
  title = {Pricing Asian options in financial markets using Mellin transforms},
  journal = {Electronic Journal of Differential Equations},
  year = {2014},
  volume = {2014},
  pages = {1--9},
  number = {234},
  file = {:/home/sudsin/Copy/MathMods/Sem4-UAQ-Thesis/Thesis/literature_repository/(2014) SenGupta - Pricing Asian options in financial markets using Mellin transforms.pdf:PDF}
}

@ARTICLE{Vecer2002,
  author = {Vecer, Jan},
  title = {Unified pricing of Asian options},
  journal = {Risk},
  year = {2002},
  volume = {15},
  pages = {113--116},
  number = {6},
  file = {:/home/sudsin/Copy/MathMods/Sem4-UAQ-Thesis/Thesis/literature_repository/(2002) Vecer - Unified Pricing of Asian Options.pdf:PDF}
}

@ARTICLE{Vecer2002a,
  author = {Vecer, Jan},
  title = {Unified asian pricing},
  journal = {RISK-LONDON-RISK MAGAZINE LIMITED-},
  year = {2002},
  volume = {15},
  pages = {113--118},
  number = {6},
  file = {:C\:\\Users\\sudip\\Copy\\MathMods\\Sem4-UAQ-Thesis\\literature_repository\\(2002) Unified Asian pricing.pdf:PDF},
  publisher = {RISK MAGAZINE LIMITED}
}

@ARTICLE{Vecer2002b,
  author = {Vecer, Jan},
  title = {Unified asian pricing},
  journal = {RISK-LONDON-RISK MAGAZINE LIMITED-},
  year = {2002},
  volume = {15},
  pages = {113--118},
  number = {6},
  file = {:C\:\\Users\\sudip\\Copy\\MathMods\\Sem4-UAQ-Thesis\\literature_repository\\(2002) Vecer - Unified Asian pricing.pdf:PDF},
  publisher = {RISK MAGAZINE LIMITED}
}

@ARTICLE{Vecer2001,
  author = {Vecer, Jan},
  title = {New pricing of Asian options},
  journal = {Preprint, Columbia University},
  year = {2001},
  file = {:/home/sudsin/Copy/MathMods/Sem4-UAQ-Thesis/Thesis/literature_repository/(2001) Vecer - A new PDE approach for pricing arithmetic average Asian options.pdf:PDF}
}

@ARTICLE{Vecer2004,
  author = {Vecer, Jan and Xu, Mingxin},
  title = {Pricing Asian options in a semimartingale model},
  journal = {Quantitative Finance},
  year = {2004},
  volume = {4},
  pages = {170--175},
  number = {2},
  file = {:/home/sudsin/Copy/MathMods/Sem4-UAQ-Thesis/Thesis/literature_repository/(2004) Vecer - Pricing Asian Options in a Semimartingale Model.pdf:PDF},
  publisher = {Taylor \& Francis}
}

@ARTICLE{Wei2013,
  author = {Wei, Xiao and Gaudenzi, Marcellino and Zanette, Antonino},
  title = {Pricing Ratchet equity-indexed annuities with early surrender risk
	in a CIR++ model},
  journal = {North American Actuarial Journal},
  year = {2013},
  volume = {17},
  pages = {229--252},
  number = {3},
  file = {:/home/sudsin/Copy/MathMods/Sem4-UAQ-Thesis/Thesis/literature_repository/(2013) Wei - Pricing Ratchet equirty-indexed annuities with early surrender risk in a CIR++ model.pdf:PDF},
  publisher = {Taylor \& Francis}
}

@ARTICLE{Wiklund2012,
  author = {Wiklund, Erik},
  title = {Asian Option Pricing and Volatility},
  year = {2012},
  file = {:/home/sudsin/Copy/MathMods/Sem4-UAQ-Thesis/Thesis/literature_repository/(2012) Wiklund - Asian Option Pricing and Volatility.pdf:PDF}
}

@ARTICLE{Wilmott2002,
  author = {Wilmott, Paul},
  title = {Cliquet options and volatility models},
  journal = {The best of Wilmott},
  year = {2002},
  pages = {379},
  file = {:C\:\\Users\\sudip\\Copy\\MathMods\\Sem4-UAQ-Thesis\\literature_repository\\(2002) Wilmott - Cliquet Options and Volatility Models.pdf:PDF}
}

@ARTICLE{Windcliff2006,
  author = {Windcliff, HA and Forsyth, PA and Vetzal, KR},
  title = {Numerical methods and volatility models for valuing cliquet options},
  journal = {Applied Mathematical Finance},
  year = {2006},
  volume = {13},
  pages = {353--386},
  number = {4},
  file = {:C\:\\Users\\sudip\\Copy\\MathMods\\Sem4-UAQ-Thesis\\literature_repository\\(2006) Windcliff - Numerical Methods and Volatility Models for Valuing Cliquet Options.pdf:PDF},
  publisher = {Taylor \& Francis}
}

